@book{CMSTDR,
    title = "{CMS Physics Technical Design Report Volume I: Detector Performance and Software}",
    author = "Bayatian G L et. al",
    collaboration = "CMS Collaboration",
    series = "Technical Design Report CMS",
    year = "2006",
    month = "February",
    publisher = "CERN/LHCC",
    url = "https://cdsweb.cern.ch/record/922757/files/lhcc-2006-001.pdf"
}

@article{CMSCutaway,
    author = "Tai Sakuma and Thomas McCauley",
    title = "{Detector and Event Visualization with SketchUp at the CMS Experiment}",
    journal = "Journal of Physics: Conference Series",
    year = "2014",
    volume = "513",
    number = "2",
    url = "http://stacks.iop.org/1742-6596/513/i=2/a=022032"
}

@article{Holdom,
    title = "{Two U(1)'s and $\epsilon$ Charge Shifts}",
    author = "Bob Holdom",
    journal = "Physics Letter B",
    volume = "166",
    issue = "2",
    pages = "196-198",
    numpages = "",
    year = "1986",
    month = "January",
    publisher = "Elsevier",
    doi = "http://dx.doi.org/10.1016/0370-2693(86)91377-8",
    url = "http://www.sciencedirect.com/science/article/pii/0370269386913778?via\%3Dihub"
}

@article{Pospelov,
    title = "{Secluded U(1) Below the Weak Scale}",
    author = {Pospelov, Maxim},
    journal = {Physical Review D},
    volume = {80},
    issue = {9},
    pages = {095002},
    numpages = {8},
    year = {2009},
    month = {November},
    publisher = {American Physical Society},
    doi = {10.1103/PhysRevD.80.095002},
    url = {https://link.aps.org/doi/10.1103/PhysRevD.80.095002}
}

@article{Gordon,
    title = "{Probing Light Thermal Dark Matter with a Higgs Portal Mediator}",
    author = {Krnjaic, Gordan},
    journal = {Physical Review D},
    volume = {94},
    issue = {7},
    pages = {073009},
    numpages = {14},
    year = {2016},
    month = {Oct},
    publisher = {American Physical Society},
    doi = {10.1103/PhysRevD.94.073009},
    url = {https://link.aps.org/doi/10.1103/PhysRevD.94.073009}
}

@article{Abbiendi,
    author         = "Abbiendi, Giovanni",
    title          = "{The CMS muon system in Run2: preparation, status and first results}",
    booktitle      = "{Proceedings,  2015 European Physical Society Conference on High Energy Physics (EPS-HEP 2015): Vienna, Austria, July 22-29, 2015}",
    collaboration = "CMS",
    journal = "PoS",
    volume = "EPS-HEP2015",
    year = "2015",
    pages = "237",
    eprint = "1510.05424",
    archivePrefix = "arXiv",
    primaryClass = "physics.ins-det",
    reportNumber = "CMS-CR-2015-237",
}
@article{Philip,
    title = "{Testing GeV-scale dark matter with fixed-target missing momentum experiments}",
    author = {Izaguirre, Eder and Krnjaic, Gordan and Schuster, Philip and Toro, Natalia},
    journal = {Physical Review D},
    volume = {91},
    issue = {9},
    pages = {094026},
    numpages = {17},
    year = {2015},
    month = {May},
    publisher = {American Physical Society},
    doi = {10.1103/PhysRevD.91.094026},
    url = {https://link.aps.org/doi/10.1103/PhysRevD.91.094026}
}

@article{Eder,
    title = "{Analyzing the Discovery Potential for Light Dark Matter}",
    author = {Izaguirre, Eder and Krnjaic, Gordan and Schuster, Philip and Toro, Natalia},
    journal = {Physical Review Letters},
    volume = {115},
    issue = {25},
    pages = {251301},
    numpages = {7},
    year = {2015},
    month = {December},
    publisher = {American Physical Society},
    doi = {10.1103/PhysRevLett.115.251301},
    url = {https://link.aps.org/doi/10.1103/PhysRevLett.115.251301}
}
